<record><leader>00000cas a22000007a 4500</leader><controlfield tag="001">12428477</controlfield><controlfield tag="008">850827c19859999nyuwn ne      0   a0eng d</controlfield><datafield ind1=" " ind2=" " tag="010"><subfield code="a">sn 85006480 </subfield></datafield><datafield ind1=" " ind2=" " tag="040"><subfield code="a">NSD</subfield><subfield code="b">eng</subfield><subfield code="c">NSD</subfield><subfield code="d">NJW</subfield><subfield code="d">NYS</subfield><subfield code="d">OCLCQ</subfield><subfield code="d">GC0</subfield><subfield code="d">FIC</subfield><subfield code="d">BRL</subfield><subfield code="d">OCLCQ</subfield><subfield code="d">OCLCF</subfield><subfield code="d">OCLCO</subfield></datafield><datafield ind1=" " ind2=" " tag="012"><subfield code="j">0</subfield><subfield code="l">1</subfield><subfield code="m">X</subfield></datafield><datafield ind1="0" ind2=" " tag="022"><subfield code="a">0884-3910</subfield><subfield code="l">0884-3910</subfield><subfield code="2">1</subfield></datafield><datafield ind1="1" ind2=" " tag="029"><subfield code="a">AU@</subfield><subfield code="b">000020385449</subfield></datafield><datafield ind1=" " ind2=" " tag="037"><subfield code="b">News for You, New Readers Press, 1320 Jamesville Ave., Syracuse, N.Y. 13210</subfield></datafield><datafield ind1=" " ind2=" " tag="042"><subfield code="a">nsdp</subfield><subfield code="a">msc</subfield></datafield><datafield ind1=" " ind2=" " tag="043"><subfield code="a">n-us-ny</subfield></datafield><datafield ind1="1" ind2="4" tag="050"><subfield code="a">D839</subfield><subfield code="b">.N4886x</subfield></datafield><datafield ind1="1" ind2=" " tag="082"><subfield code="a">428</subfield><subfield code="2">11</subfield></datafield><datafield ind1="0" ind2=" " tag="130"><subfield code="a">News for you (Syracuse, N.Y. : 1985)</subfield></datafield><datafield ind1="0" ind2=" " tag="210"><subfield code="a">News you</subfield><subfield code="b">(Syracuse N.Y.)</subfield></datafield><datafield ind1=" " ind2="0" tag="222"><subfield code="a">News for you</subfield><subfield code="b">(Syracuse, N.Y.)</subfield></datafield><datafield ind1="1" ind2="0" tag="245"><subfield code="a">News for you.</subfield></datafield><datafield ind1=" " ind2=" " tag="260"><subfield code="a">Syracuse, N.Y. :</subfield><subfield code="b">New Reader's Press,</subfield><subfield code="c">1985-</subfield></datafield><datafield ind1=" " ind2=" " tag="300"><subfield code="a">v.</subfield></datafield><datafield ind1=" " ind2=" " tag="310"><subfield code="a">Weekly (except last 2 weeks in Dec.)</subfield></datafield><datafield ind1="0" ind2=" " tag="362"><subfield code="a">Vol. 33, no. 24 (June 12, 1985)-</subfield></datafield><datafield ind1=" " ind2="0" tag="651"><subfield code="a">Syracuse (N.Y.)</subfield><subfield code="v">Newspapers.</subfield></datafield><datafield ind1=" " ind2="0" tag="651"><subfield code="a">Onondaga County (N.Y.)</subfield><subfield code="v">Newspapers.</subfield></datafield><datafield ind1=" " ind2="7" tag="655"><subfield code="a">Newspapers.</subfield><subfield code="2">fast</subfield><subfield code="0">(OCoLC)fst01423814</subfield></datafield><datafield ind1=" " ind2="7" tag="651"><subfield code="a">New York (State)</subfield><subfield code="z">Onondaga County.</subfield><subfield code="2">fast</subfield><subfield code="0">(OCoLC)fst01205371</subfield></datafield><datafield ind1=" " ind2="7" tag="651"><subfield code="a">New York (State)</subfield><subfield code="z">Syracuse.</subfield><subfield code="2">fast</subfield><subfield code="0">(OCoLC)fst01205293</subfield></datafield><datafield ind1=" " ind2=" " tag="752"><subfield code="a">United States</subfield><subfield code="b">New York</subfield><subfield code="c">Onondaga</subfield><subfield code="d">Syracuse.</subfield></datafield><datafield ind1="0" ind2=" " tag="770"><subfield code="t">Focus on News for you</subfield><subfield code="x">0884-5662</subfield><subfield code="w">(DLC)sn 85006562</subfield><subfield code="w">(OCoLC)12401598</subfield></datafield><datafield ind1="0" ind2="4" tag="780"><subfield code="t">News for you (Syracuse, N.Y. : Ed. A)</subfield><subfield code="x">0162-8518</subfield><subfield code="w">(DLC)sn 79005620</subfield><subfield code="w">(OCoLC)4239847</subfield></datafield><datafield ind1="0" ind2="4" tag="780"><subfield code="t">News for you (Syracuse, N.Y. : Ed. B)</subfield><subfield code="x">0162-850X</subfield><subfield code="w">(DLC)sn 79005621</subfield><subfield code="w">(OCoLC)4239910</subfield></datafield></record>